<record xmlns="http://www.loc.gov/MARC21/slim" xmlns:xsi="http://www.w3.org/2001/XMLSchema-instance" xsi:schemaLocation="http://www.loc.gov/MARC21/slim http://www.loc.gov/standards/marcxml/schema/MARC21slim.xsd"><leader>     nam a22        4500</leader><controlfield tag="001">4918817</controlfield><controlfield tag="003">NNC</controlfield><controlfield tag="006">m        d        </controlfield><controlfield tag="007">cr cn |||m|||a</controlfield><controlfield tag="008">150601s1887    le      o     000 0 araod</controlfield><datafield ind1=" " ind2=" " tag="040"><subfield code="a">NNU</subfield><subfield code="b">eng</subfield><subfield code="e">rda</subfield><subfield code="c">NNU</subfield></datafield><datafield ind1=" " ind2="4" tag="050"><subfield code="a">PJ7701</subfield><subfield code="b">.A16 .A86 .A17 1887</subfield></datafield><datafield ind1="1" ind2=" " tag="100"><subfield code="6">880-01</subfield><subfield code="a">Abu&#772; al-&#699;Ata&#772;hiyah, Isma&#772;&#699;i&#772;l ibn al-Qa&#772;sim,</subfield><subfield code="d">747 or 748-826?</subfield></datafield><datafield ind1="1" ind2="0" tag="240"><subfield code="6">880-02</subfield><subfield code="a">Poems</subfield></datafield><datafield ind1="1" ind2="3" tag="245"><subfield code="6">880-03</subfield><subfield code="a">al-Anwa&#772;r al-za&#772;hiyah fi&#772; di&#772;wa&#772;n Abi&#772; al-&#699;Ata&#772;hiyah /</subfield><subfield code="c">jama&#699;ahu ah&#803;ad al-A&#772;ba&#772;&#700; al-Yasu&#772;&#699;i&#772;yi&#772;n naqlan &#699;an riwa&#772;yat al-namiri&#772; wa-kutub masha&#772;hi&#772;r al-udaba&#772;&#700; ka-al-Is&#803;faha&#772;ni&#772; wa-al-Mubarrad wa-ibn &#699;Abd Rabbihi wa-al-Mas&#699;u&#772;di&#772; wa-al-Ma&#772;wardi&#772; wa-al-Ghazza&#772;li&#772; wa-ghayrihim.</subfield></datafield><datafield ind1="3" ind2=" " tag="246"><subfield code="6">880-04</subfield><subfield code="a">Di&#772;wa&#772;n Abi&#772; al-&#699;Ata&#772;hiyah</subfield></datafield><datafield ind1=" " ind2=" " tag="260"><subfield code="6">880-05</subfield><subfield code="a">Bayru&#772;t :</subfield><subfield code="b">Mat&#803;ba&#699;at al-A&#772;ba&#772;&#700; al-Yasu&#772;&#699;i&#772;yi&#772;n,</subfield><subfield code="c">[1887]</subfield></datafield><datafield ind1=" " ind2=" " tag="300"><subfield code="a">online resource (14, 378 pages)</subfield></datafield><datafield ind1=" " ind2=" " tag="336"><subfield code="a">text</subfield><subfield code="2">rdacontent</subfield></datafield><datafield ind1=" " ind2=" " tag="337"><subfield code="a">computer</subfield><subfield code="2">rdamedia</subfield></datafield><datafield ind1=" " ind2=" " tag="338"><subfield code="a">online resource</subfield><subfield code="2">rdacarrier</subfield></datafield><datafield ind1=" " ind2=" " tag="500"><subfield code="a">Part of the Arabic Collections Online (ACO) project, contributed by Columbia University Libraries.</subfield></datafield><datafield ind1=" " ind2=" " tag="533"><subfield code="a">Electronic reproduction.</subfield><subfield code="b">New York, N.Y. :</subfield><subfield code="c">New York University,</subfield><subfield code="d">2015.</subfield><subfield code="5">NNU</subfield></datafield><datafield ind1=" " ind2="0" tag="650"><subfield code="a">Arabic poetry</subfield><subfield code="y">750-1258.</subfield></datafield><datafield ind1=" " ind2="7" tag="650"><subfield code="a">Arabic poetry.</subfield><subfield code="2">fast</subfield><subfield code="0">(OCoLC)fst00812533</subfield></datafield><datafield ind1=" " ind2="7" tag="648"><subfield code="a">750 - 1258</subfield><subfield code="2">fast</subfield></datafield><datafield ind1="2" ind2=" " tag="710"><subfield code="a">Columbia University.</subfield><subfield code="b">Libraries.</subfield></datafield><datafield ind1="0" ind2=" " tag="730"><subfield code="a">Arabic Collections Online.</subfield></datafield><datafield ind1="0" ind2="8" tag="776"><subfield code="i">Online version:</subfield><subfield code="a">Abu&#772; al-&#699;Ata&#772;hiyah, Isma&#772;&#699;i&#772;l ibn al-Qa&#772;sim, 747 or 8-826?</subfield><subfield code="t">Anwa&#772;r al-za&#772;hiyah fi&#772; di&#772;wa&#772;n Abi&#772; al-&#699;Ata&#772;hiyah.</subfield><subfield code="d">Bayru&#772;t : Mat&#803;ba&#699;at al-A&#772;ba&#772;&#700; al-Yasu&#772;&#699;i&#772;yi&#772;n, [1887]</subfield><subfield code="w">(OCoLC)584019461</subfield></datafield><datafield ind1="0" ind2="8" tag="776"><subfield code="i">Print version:</subfield><subfield code="a">Abu&#772; al-&#699;Ata&#772;hiyah, Isma&#772;&#699;i&#772;l ibn al-Qa&#772;sim, 747 or 748-826?</subfield><subfield code="t">al-Anwa&#772;r al-za&#772;hiyah fi&#772; di&#772;wa&#772;n Abi&#772; al-&#699;Ata&#772;hiyah</subfield><subfield code="w">(NNC)4918817</subfield><subfield code="w">(OCoLC)23506641</subfield></datafield><datafield ind1="4" ind2="0" tag="856"><subfield code="u">http://hdl.handle.net/2333.1/q573n87t</subfield></datafield><datafield ind1="1" ind2=" " tag="880"><subfield code="6">100-01/r</subfield><subfield code="a">&#1575;&#1576;&#1608; &#1575;&#1604;&#1593;&#1578;&#1575;&#1607;&#1610;&#1577;&#1548; &#1575;&#1587;&#1605;&#1575;&#1593;&#1610;&#1604; &#1576;&#1606; &#1575;&#1604;&#1602;&#1575;&#1587;&#1605;&#1548;</subfield><subfield code="d">747 or 748-826&#1567;</subfield></datafield><datafield ind1="1" ind2="0" tag="880"><subfield code="6">240-02/r</subfield><subfield code="a">&#1571;&#1588;&#1593;&#1575;&#1585;</subfield></datafield><datafield ind1="1" ind2="2" tag="880"><subfield code="6">245-03/r</subfield><subfield code="a">&#1575;&#1604;&#1571;&#1606;&#1608;&#1575;&#1585; &#1575;&#1604;&#1586;&#1575;&#1607;&#1610;&#1577; &#1601;&#1610; &#1583;&#1610;&#1608;&#1575;&#1606; &#1571;&#1576;&#1610; &#1575;&#1604;&#1593;&#1578;&#1575;&#1607;&#1610;&#1577; /</subfield><subfield code="c">&#1580;&#1605;&#1593;&#1607; &#1571;&#1581;&#1583; &#1575;&#1604;&#1570;&#1576;&#1575;&#1569; &#1575;&#1604;&#1610;&#1587;&#1608;&#1593;&#1610;&#1610;&#1606;&#1548; &#1606;&#1602;&#1604;&#1575; &#1593;&#1606; &#1585;&#1608;&#1575;&#1610;&#1577; &#1575;&#1604;&#1606;&#1605;&#1585;&#1610; &#1608;&#1603;&#1578;&#1576; &#1605;&#1588;&#1575;&#1607;&#1610;&#1585; &#1575;&#1604;&#1571;&#1583;&#1576;&#1575;&#1569;.</subfield></datafield><datafield ind1="3" ind2=" " tag="880"><subfield code="6">246-04/r</subfield><subfield code="a">&#1583;&#1610;&#1608;&#1575;&#1606; &#1575;&#1576;&#1608; &#1575;&#1604;&#1593;&#1578;&#1575;&#1607;&#1610;&#1577;</subfield></datafield><datafield ind1=" " ind2=" " tag="880"><subfield code="6">260-05/r</subfield><subfield code="a">&#1576;&#1610;&#1585;&#1608;&#1578; :</subfield><subfield code="b">&#1605;&#1591;&#1576;&#1593;&#1577; &#1575;&#1604;&#1570;&#1576;&#1575;&#1569; &#1575;&#1604;&#1610;&#1587;&#1608;&#1593;&#1610;&#1610;&#1606;&#1548;</subfield><subfield code="c">&#1639;&#1640;&#1640;&#1633;.</subfield></datafield><datafield ind1=" " ind2=" " tag="959"><subfield code="a">NNU</subfield><subfield code="b">WEB</subfield><subfield code="c">GENI</subfield><subfield code="t">0</subfield><subfield code="m">Electronic access</subfield><subfield code="s">01</subfield></datafield><datafield ind1=" " ind2=" " tag="999"><subfield code="i">NNC_4918817</subfield><subfield code="o">(OCoLC)ocm23506641</subfield><subfield code="s">columbia_aco000416</subfield><subfield code="e">(ERROR-880)</subfield><subfield code="s">columbia_aco000416</subfield></datafield></record>